<?xml version="1.0" encoding="UTF-8"?><record xmlns="http://www.loc.gov/MARC21/slim" xmlns:cinclude="http://apache.org/cocoon/include/1.0" xmlns:zs="http://www.loc.gov/zing/srw/">
  <leader>00356cz  a2200121n  4500</leader>
  <controlfield tag="001">n  93080342 </controlfield>
  <controlfield tag="003">DLC</controlfield>
  <controlfield tag="005">20161102095137.0</controlfield>
  <controlfield tag="008">930819n| azannaab           |n aaa      </controlfield>
  <datafield tag="010" ind1=" " ind2=" ">
    <subfield code="a">n  93080342 </subfield>
  </datafield>
  <datafield tag="040" ind1=" " ind2=" ">
    <subfield code="a">DLC</subfield>
    <subfield code="c">DLC</subfield>
    <subfield code="e">rda</subfield>
    <subfield code="d">DLC</subfield>
  </datafield>
  <datafield tag="100" ind1="1" ind2=" ">
    <subfield code="a">Traver, Carol Guercio</subfield>
  </datafield>
  <datafield tag="670" ind1=" " ind2=" ">
    <subfield code="a">Laudon, K.C. Information technology and society, c1994:</subfield>
    <subfield code="b">CIP t.p. (Carol Guercio Traver)</subfield>
  </datafield>
</record>